@inproceedings{Dyer2007sgp,
 author = {Ramsay Dyer and Hao Zhang and Torsten M\"{o}ller},
 title = {Delaunay mesh construction},
 booktitle = {SGP '07: Proceedings of the fifth Eurographics symposium on Geometry processing},
 year = {2007},
 isbn = {978-3-905673-46-3},
 pages = {273--282},
 location = {Barcelona, Spain},
 publisher = {Eurographics Association},
 address = {Aire-la-Ville, Switzerland, Switzerland}
 }

@Article{itkPriorityQueueContainer,
  title = {Mutable Priority Queue Container},
  author = {Arnaud Gelas and Alexandre Gouaillard and Sean Megason},
  year = {2008},
  month = {January-June},
  journal = {Insight Journal},
  note={\url{http://hdl.handle.net/1926/1395}}
}

@Article{itkQE,
 title = {{itkQuadEdgeMesh}: A Discrete Orientable 2-Manifold Data Structure for Image Processing}, 
 author = {Alexandre Gouaillard and Leonardo Florez-Valencia and Eric Boix},
 year = {2006},
 month = {July-December},
 journal = {Insight Journal},
 note = {\url{http://hdl.handle.net/1926/306}}
 }